@ARTICLE{article:UML,
  author = {Craig Larman},
  title = {{UML y Patrones. Introducción al análisis y diseño orientado a objetos. 2"a Edición}},
  journal = {Pearson},
  year = {2003},
  pages = {418-420},
  note= {ISBN: 978-842-05-3438-1}
}

@ARTICLE{article:UMLMVC,
  author = {Craig Larman},
  title = {{UML y Patrones. Introducción al análisis y diseño orientado a objetos. 2"a Edición}},
  journal = {Pearson},
  year = {2003},
  pages = {218-224},
  note= {ISBN: 978-842-05-3438-1}
}

@ARTICLE{article:UMLComposite,
  author = {Craig Larman},
  title = {{Patrón Composite. UML y Patrones. Introducción al análisis y diseño orientado a objetos. 2"a Edición}},
  journal = {Pearson},
  year = {2003},
  pages = {359},
  note= {ISBN: 978-842-05-3438-1}
}

@ARTICLE{article:VRSickness,
  author = {Seizo Ohyamaa and Suetaka Nishiikeo and Hiroshi Watanabec and Katsunori Matsuokac and Hironori Akizukia and Noriaki Takedaa and Tamotsu Haradab},
  title = {Autonomic responses during motion sickness induced by virtual reality},
  journal = {Auris Nasus Larynx, Volume 34, Issue 3},
  year = {2007},
  pages = {4303?306}
}

@ARTICLE{article:CTONeuro,
  author = {Manuel Amosa Delgado},
  title = {Neurología y Neurocirugía},
  journal = {Manual CTO de Medicina y Cirugía},
  year = {2014},
  pages = {3-6},
  note= {ISBN: 978-84-16153-23-7}
}

@ARTICLE{article:Estereoscopía,
  author = {José Miguel Guerrero Hernández},
  title = {Técnicas de procesamiento de imágenes estereoscópicas.},
  journal = {Trabajo de fin de máster en ingeniería informática para la industria. Universidad Complutense de Madrid},
  year = {2010},
  pages = {1-4}
}

@ARTICLE{article:BCISilla,
  author = {Robert Leeb and Doron Friedman and Mel Slater and Gert Pfurtscheller},
  title = {A tetraplegic patient controls a wheelchair in virtual reality},
  journal = {Hindawi Publishing Corporation, Computational Intelligence and Neuroscience, Volume 2007, Article ID 79642},
  pages = {8}
}

@ARTICLE{article:VRAutism,
  author = {Mario Saiano and Laura Pellegrino and Maura Casadio and Susanna Summa and Eleonora Garbarino and Valentina Rossi and Daniela Dall?Agata and Vittorio Sanguineti},
  title = {Natural interfaces and virtual environments for the acquisition of street crossing and path following skills in adults with Autism Spectrum Disorders: a feasibility study},
  journal = {Journal of NeuroEngineering and Rehabilitation (2015)}
}


@ARTICLE{article:BCIVRCoordinacion,
  author = {Semyon M. Slobounov and William Ray and Brian Johnson and Elena Slobounov and Karl M. Newell},
  title = {Modulation of cortical activity in 2D versus 3D virtual reality environments: An {EEG} study},
  journal = {International Journal of Psychophysiology 95 (2015)},
  pages = {254-260}
}

@ARTICLE{article:MPato,
  author = {José Luis Pérez Arellano},
  title = {Manual de patología general, 6"a edición},
  year = {2006},
  pages = {639-641},
  note= {ISBN: 978-84-458-1540-3}
}

@misc{www:Psious,
  title = {Sistema {Psious}},
  author = {{Psico Smart Apps, S.L.}},
  howpublished = {\url{https://psious.com/en}},
  note = {Accedido: 16-05-2016}
}

@misc{www:Void,
  title = {Centro de recreación {The Void}},
  author = {{The Void 2016}},
   howpublished = {\url{https://thevoid.com/}},
  note = {Accedido: 17-05-2016}
}

@misc{www:OculusReq,
  title = {Requisitos minimos \emph{Oculus Rift}},
  author = {{Oculus VR, LLC}},
  howpublished = {\url{https://support.oculus.com/help/oculus/1086743524676890}},
  note = {Accedido: 21-05-2016}
}

@misc{www:OculusDescargas,
  title = {Centro descargas de software para \emph{Oculus Rift}},
  author = {{Oculus VR, LLC}},
  howpublished = {\url{https://developer.oculus.com/downloads/}},
  note = {Accedido: 23-05-2016}
}

@misc{www:UnityGameObject,
  title = {Documentación a la {API} de {GameObjects} de {Unity 3D}},
  author = {{Unity Technologies.}},
  howpublished = {\url{http://docs.unity3d.com/ScriptReference/GameObject.html}},
  note = {Accedido: 23-05-2016}
}

@misc{www:UnityMonobehaviour,
  title = {Documentación a la {API} de {MonoBehaviour} de {Unity 3D}},
  author = {{Unity Technologies.}},
  howpublished = {\url{http://docs.unity3d.com/ScriptReference/MonoBehaviour.html}},
  note = {Accedido: 23-05-2016}
}

@misc{wiki:OLED,
  title = {Definición {OLED} Wikipedia},
  author = {{Wikipedia}},
  howpublished = {\url{https://es.wikipedia.org/wiki/Diodo_org%C3%A1nico_de_emisi%C3%B3n_de_luz}},
  note = {Accedido: 18-05-2016}
} 

@misc{wiki:VST,
  title = {Definición {Virtual Studio Technology} Wikipedia},
  author = {{Wikipedia}},
  howpublished = {\url{https://es.wikipedia.org/wiki/Virtual_Studio_Technology}},
  note = {Accedido: 23-05-2016}
}

@misc{rae:RV,
  title = {Definición realidad virtual},
  author = {{Real Academia Española}},
  howpublished = {\url{http://dle.rae.es/?id=VH7cofQ}},
  note = {Accedido: 17-05-2016}
}

@misc{article:Gaze,
  title = {Sistema Gaze Input},
  author = {{Peter Koch}},
  howpublished = {\url{http://talesfromtherift.com/vr-gaze-input/}},
  note = {Accedido: 16-01-2016}
}

@misc{article:Tutellus,
  title = {Curso {Unity 3D} impartido por {Danilo Giardina}},
  author = {{Danilo Giardina}},
  howpublished = {\url{https://www.tutellus.com/tecnologia/videojuegos/creacion-de-videojuegos-con-unity-3d-3291}},
  note = {Accedido: 20-09-2015}
}

@misc{article:UnityExec,
  title = {Orden de ejecución dentro de un {GameObject} en {Unity 3D}},
  author = {{Unity Technologies}},
  howpublished = {\url{http://docs.unity3d.com/es/current/Manual/ExecutionOrder.html}},
  note = {Accedido: 25-05-2016}
}

@misc{article:UWEBKIT,
  title = {Herramienta {uWebKit} para visualizar contenido HTML dentro de {Unity 3D}},
  author = {{Thunderbeast Games LLC}},
  howpublished = {\url{http://uwebkit.com/}},
  note = {Accedido: 05-02-2016}
}

@misc{article:Awesomium,
  title = {Herramienta {Awesomium} para visualizar contenido {HTML en C\# y .NET}},
  author = {{Awesomium}},
  howpublished = {\url{http://www.awesomium.com/}},
  note = {Accedido: 09-06-2016}
}

@misc{article:Chromium,
  title = {Projecto {Chromium}},
  author = {{Comunitario, varios autores, Open Source}},
  howpublished = {\url{https://www.chromium.org/}},
  note = {Accedido: 09-06-2016}
}


@misc{article:HeliHeli,
  title = {Simulador de helicóptero {Heli-Heli}},
  author = {{GriN Multimedia}},
  howpublished = {\url{http://www.grin.be/blog/?p=975}},
  note = {Accedido: 11-09-2015}
}


@misc{article:HTCVive,
  title = {Gafas de VR {Htc Vive}},
  author = {{HTC}},
  howpublished = {\url{https://www.htcvive.com/eu/}},
  note = {Accedido: 24-06-2016}
}


@misc{article:GoogleCardboard,
  title = {Gafas de VR {Google Cardboard}},
  author = {{Google}},
  howpublished = {\url{https://vr.google.com/cardboard/index.html/}},
  note = {Accedido: 24-06-2016}
}

@misc{article:Omni,
  title = {Sistema de desplazamiento en VR {Virtuix Omni}},
  author = {{Virtuix}},
  howpublished = {\url{http://www.virtuix.com/}},
  note = {Accedido: 24-06-2016}
}

@misc{article:MonoRuntime,
  title = {Interprete {Mono Runtime}},
  author = {{Mono Project}},
  howpublished = {\url{http://www.mono-project.com/docs/}},
  note = {Accedido: 24-06-2016}
}

@misc{article:Unity3D,
  title = {Motor gráfico {Unity 3D}},
  author = {{Unity Technologies}},
  howpublished = {\url{https://unity3d.com/es}},
  note = {Accedido: 24-06-2016}
}


@misc{article:Blender,
  title = {Software de diseño 3D {Blender}},
  author = {{Blender}},
  howpublished = {\url{https://www.blender.org/}},
  note = {Accedido: 24-06-2016}
}


@misc{article:UnityTutorial,
  title = {Tutoriales oficiales de {Unity 3D}},
  author = {{Unity Technologies}},
  howpublished = {\url{http://unity3d.com/learn}},
  note = {Accedido: 24-06-2016}
}


@misc{article:WikiJudder,
  title = {Articulo Wikipedia sobre {High Frame Rate} y el efecto {Judder}},
  author = {{Varios}},
  howpublished = {\url{https://es.wikipedia.org/wiki/High_Frame_Rate}},
  note = {Accedido: 24-06-2016}
}


@misc{article:WikiBlur,
  title = {Articulo Wikipedia sobre {Motion Blur}},
  author = {{Varios}},
  howpublished = {\url{https://es.wikipedia.org/wiki/Motion_blur}},
  note = {Accedido: 24-06-2016}
}


